@article{meyer2013use,
  title={The use of enzymes in organic synthesis and the life sciences: perspectives from the Swiss Industrial Biocatalysis Consortium (SIBC)},
  author={Meyer, Hans-Peter and Eichhorn, Eric and Hanlon, Steven and L{\"u}tz, Stephan and Sch{\"u}rmann, Martin and Wohlgemuth, Roland and Coppolecchia, Raffaella},
  journal={Catalysis Science \& Technology},
  volume={3},
  number={1},
  pages={29--40},
  year={2013},
  publisher={Royal Society of Chemistry}
}
@article{claeyssens2006high,
      title={{High-Accuracy Computation of Reaction Barriers in Enzymes}},
      author={Claeyssens, F. and Harvey, J.N. and Manby, F.R. and Mata, R.A. and Mulholland, A.J. and Ranaghan, K.E. and Sch{\"u}tz, M. and Thiel, S. and Thiel, W. and Werner, H.J.},
      journal={Angewandte Chemie},
      volume={118},
      number={41},
      pages={7010--7013},
      issn={1521-3757},
      year={2006},
      publisher={Wiley Online Library}
}
@article{friesner2005ab,
      title={{Ab initio quantum chemical and mixed quantum mechanics/molecular mechanics (QM/MM) methods for studying enzymatic catalysis}},
        author={Friesner, R.A. and Guallar, V.},
          journal={Annu. Rev. Phys. Chem.},
            volume={56},
              pages={389--427},
                year={2005},
                  publisher={Annual Reviews}
}


@article{bouma1977vinyl,
    title={{Vinyl Alcohol. A Stable Molecule}},
    author={Bouma, W. and Poppinger, D. and Radom, L.},
    journal={Journal of the American Chemical Society, Letters to the Editor},
    volume={99},
    number={19},
    pages={6443--6444},
    year={1977},
    publisher={ACS Publications}
}



@article{holmes1976thermochemistry,
      title={{The Thermochemistry of C2H4O+ Ions}},
        author={Holmes, J. and Turlouw, J. and Lossing, F.},
          journal={The Journal of Physical Chemistry},
            volume={80},
              number={26},
                pages={2860--2862},
                  issn={0022-3654},
                    year={1976},
                      publisher={ACS Publications}
}


@article{wu1996ab,
      title={{Ab Initio Study on the Substituent Effect in the Transition State of Keto- Enol Tautomerism of Acetyl Derivatives}},
        author={Wu, C.C. and Lien, M.H.},
          journal={J. Phys. Chem},
            volume={100},
              number={2},
                pages={594--600},
                  year={1996},
                    publisher={ACS Publications}
}


@article{su1999ab,
      title={{Ab Initio Study on the Keto- Enol Tautomerism of the [alpha]-Substituted Acetaldehydes XH2CCHO (X= H, BH2, CH3, NH2, OH, F, CN, NC, and Cl): Comparison with the Tautomerism in [alpha]-Substituted Acetaldimines and Acetyl Derivatives}},
        author={Su, C.C. and Lin, C.K. and Wu, C.C. and Lien, M.H.},
          journal={J. Phys. Chem. A},
            volume={103},
              number={17},
                pages={3289--3293},
                  year={1999},
                    publisher={ACS Publications}
}

@article{li2002partial,
      title={{Partial Hessian vibrational analysis: the localization of the molecular vibrational energy and entropy}},
        author={Li, H. and Jensen, J.H.},
          journal={Theoretical Chemistry Accounts: Theory, Computation, and Modeling (Theoretica Chimica Acta)},
            volume={107},
              number={4},
                pages={211--219},
                  issn={1432-881X},
                    year={2002},
                      publisher={Springer}
}


@article{garcia2004enzymes,
      title={{How enzymes work: analysis by modern rate theory and computer simulations}},
        author={Garcia-Viloca, M. and Gao, J. and Karplus, M. and Truhlar, D.G.},
          journal={Science},
            volume={303},
              number={5655},
                pages={186},
                  year={2004},
                    publisher={AAAS}
}


@article{rocha2006rm1,
      title={{RM1: A reparameterization of AM1 for H, C, N, O, P, S, F, Cl, Br, and I}},
        author={Rocha, G.B. and Freire, R.O. and Simas, A.M. and Stewart, J.J.P.},
          journal={Journal of Computational Chemistry},
            volume={27},
              number={10},
                pages={1101--1111},
                  issn={1096-987X},
                    year={2006},
                      publisher={Wiley Online Library}
}



@article{lewars1997effect,
      title={{The effect of substituents on the thermodynamic and kinetic stabilities of alkynols: a semiempirical and ab initio survey of the effect of H, Li, BeH, BH2, CH3, NH2, OH and F}},
      author={Lewars, E. and Bonnycastle, I.},
      journal={Journal of Molecular Structure: THEOCHEM},
      volume={418},
      number={1},
      pages={17--33},
      issn={0166-1280},
      year={1997},
      publisher={Elsevier}
}

@article{saito1976microwave,
      title={{Microwave spectroscopic detection of vinyl alcohol, CH2= CHOH}},
        author={Saito, S.},
          journal={Chemical Physics Letters},
            volume={42},
              number={3},
                pages={399--402},
                  issn={0009-2614},
                    year={1976},
                      publisher={Elsevier}
}

@misc{t1chemumn,
    author = "J. Zheng, B.J. Lynch, Y. Zhao and D.G. Truhlar",
    title = "Databases of Frequency Scaling Factors for Electronic Structure Methods",
    year = {2009},
    note={\url{http://t1.chem.umn.edu/misc/database_group/database_therm_bh/freq_scale.htm}}
}


@article{gordon1982self,
      title={{Self-consistent molecular-orbital methods. 22. Small split-valence basis sets for second-row elements}},
        author={Gordon, M.S. and Binkley, J.S. and Pople, J.A. and Pietro, W.J. and Hehre, W.J.},
          journal={Journal of the American Chemical Society},
            volume={104},
              number={10},
                pages={2797--2803},
                  issn={0002-7863},
                    year={1982},
                      publisher={ACS Publications}
}

@article{francl1982self,
      title={{Self-consistent molecular-orbital methods. 23. A polarization-type basis set for 2nd-row elements}},
        author={Francl, MM and Pietro, WJ and Hehre, WJ and Binkley, JS and Gordon, MS and Defrees, DJ and Pople, JA},
          journal={J. Chem. Phys},
            volume={77},
              pages={3654--3665},
                year={1982}
}


@article{dunning1989gaussian,
      title={{Gaussian basis sets for use in correlated molecular calculations. I. The atoms boron through neon and hydrogen}},
        author={Dunning Jr, T.H.},
          journal={The Journal of Chemical Physics},
            volume={90},
              pages={1007},
                year={1989}
}

@article{jensen2001polarization,
      title={{Polarization consistent basis sets: Principles}},
        author={Jensen, F.},
          journal={The Journal of Chemical Physics},
            volume={115},
              pages={9113},
                year={2001}
}


@misc{mopac,
    author = "Stewart, J.",
    title = "MOPAC2009",
    year = {2009},
    note={\url{HTTP://OpenMOPAC.net}}
}

@article{stewart1990mopac,
      title={MOPAC: a semiempirical molecular orbital program},
        author={Stewart, J.J.P.},
          journal={Journal of Computer-Aided Molecular Design},
            volume={4},
              number={1},
                pages={1--103},
                  year={1990},
                    publisher={Springer}
}
@article{dewar1977ground,
  title={Ground states of molecules. 38. The MNDO method. Approximations and parameters},
  author={Dewar, M.J.S. and Thiel, W.},
  journal={Journal of the American Chemical Society},
  volume={99},
  number={15},
  pages={4899--4907},
  year={1977},
  publisher={ACS Publications}
}

@article{stewart2004fast,
  title={Fast semiempirical calculations},
  author={Stewart, JJP and Csaszar, P. and Pulay, P.},
  journal={Journal of Computational Chemistry},
  volume={3},
  number={2},
  pages={227--228},
  year={2004},
  publisher={Wiley Online Library}
}


@article{stewart1996application,
      title={{Application of localized molecular orbitals to the solution of semiempirical self-consistent field equations}},
        author={Stewart, J.J.P.},
          journal={International Journal of Quantum Chemistry},
            volume={58},
              number={2},
                pages={133--146},
                  year={1996},
                    publisher={Wiley Online Library}
}

@article{stewart2007optimization,
      title={{Optimization of parameters for semiempirical methods V: Modification of NDDO approximations and application to 70 elements}},
        author={Stewart, J.J.P.},
          journal={Journal of Molecular Modeling},
            volume={13},
              number={12},
                pages={1173--1213},
                  year={2007},
                    publisher={Springer}
}


@article{schmidt1993general,
      title={{General atomic and molecular electronic structure system}},
        author={Schmidt, M.W. and Baldridge, K.K. and Boatz, J.A. and Elbert, S.T. and Gordon, M.S. and Jensen, J.H. and Koseki, S. and Matsunaga, N. and Nguyen, K.A. and Su, S. and others},
          journal={Journal of Computational Chemistry},
            volume={14},
              number={11},
                pages={1347--1363},
                  issn={1096-987X},
                    year={1993},
                      publisher={John Wiley \& Sons}
}

@article{lee1991structure,
      title={{The structure and energetics of the HCN $\rightarrow$ HNC transition state}},
        author={Lee, T.J. and Rendell, A.P.},
          journal={Chemical physics letters},
            volume={177},
              number={6},
                pages={491--497},
                  issn={0009-2614},
                    year={1991},
                      publisher={Elsevier}
}

@article{huzinaga1965gaussian,
      title={{Gaussian-Type Functions for Polyatomic Systems. I}},
        author={Huzinaga, S.},
          journal={The Journal of Chemical Physics},
            volume={42},
              pages={1293},
                year={1965}
}

@article{delano2002pymol,
      title={The PyMOL molecular graphics system},
        author={DeLano, W.L.},
          year={2002}
}
@misc{PyMOLu,
    Author = {{The PyMOL Molecular Graphics System, Schr\"odinger, LLC}},
    Date-Added = {2010-08-19 17:29:55 -0400},
    Date-Modified = {2010-08-19 18:08:54 -0400},
    Month = {August},
    Year = {2010}
}
    %Annote = {PyMOL. The PyMOL Molecular Graphics System, Version 1.3, Schr{\"o}dinger, LLC.},
    %Title = {The {PyMOL} Molecular Graphics System, Version~1.3r1},

@misc{medici,
    Author = {{Medici, Two Dimensional Device Simulation Program, 2003. Synopsis}}
    }

@misc{PyMOLm,
    Title = {The PyMOL Molecular Graphics System, Version 1.3.0 Schr{\"o}dinger, LLC}
}


@article{naik2010lipases,
      title={{Lipases for use in industrial biocatalysis: Specificity of selected structural groups of lipases}},
        author={Naik, S. and Basu, A. and Saikia, R. and Madan, B. and Paul, P. and Chaterjee, R. and Brask, J. and Svendsen, A.},
          journal={Journal of Molecular Catalysis B: Enzymatic},
            volume={65},
              number={1-4},
                pages={18--23},
                  year={2010},
                    publisher={Elsevier}
}

@article{halgren1999mmff,
      title={MMFF VII. Characterization of MMFF94, MMFF94s, and other widely available force fields for conformational energies and for intermolecular-interaction energies and geometries},
        author={Halgren, T.A.},
          journal={Journal of Computational Chemistry},
            volume={20},
              number={7},
                pages={730--748},
                  year={1999},
                    publisher={Wiley Online Library}
}

@article{guha2006blue,
      title={The blue obelisk interoperability in chemical informatics},
        author={Guha, R. and Howard, M.T. and Hutchison, G.R. and Murray-Rust, P. and Rzepa, H. and Steinbeck, C. and Wegner, J. and Egon, L. and Willighagen, O.},
          journal={Journal of chemical information and modeling},
            volume={46},
              number={3},
                pages={991--998},
                  year={2006},
                    publisher={ACS Publications}
}

@article{olsson2011propka3,
      title={PROPKA3: Consistent Treatment of Internal and Surface Residues in Empirical p K a Predictions},
        author={Olsson, M.H.M. and S{\o}ndergaard, C.R. and Rostkowski, M. and Jensen, J.H.},
          journal={Journal of Chemical Theory and Computation},
            year={2011},
              publisher={ACS Publications}
}

@article{uppenberg1995crystallographic,
      title={{Crystallographic and molecular-modeling studies of lipase B from Candida antarctica reveal a stereospecificity pocket for secondary alcohols}},
        author={Uppenberg, J. and Oehrner, N. and Norin, M. and Hult, K. and Kleywegt, G.J. and Patkar, S. and Waagen, V. and Anthonsen, T. and Jones, T.A.},
          journal={Biochemistry},
            volume={34},
              number={51},
                pages={16838--16851},
                  year={1995},
                    publisher={ACS Publications}
}

@article{goodsell1996automated,
  title={Automated docking of flexible ligands: applications of AutoDock},
  author={Goodsell, D.S. and Morris, G.M. and Olson, A.J.},
  journal={Journal of Molecular Recognition},
  volume={9},
  number={1},
  pages={1--5},
  year={1996},
  publisher={Wiley Online Library}
}

@article{syren2011amidases,
      title={{Amidases Have a Hydrogen Bond that Facilitates Nitrogen Inversion, but Esterases Have Not}},
        author={Syr{\'e}n, P.O. and Hult, K.},
          journal={ChemCatChem},
            volume={3},
              number={5},
                pages={853--860},
                  year={2011},
                    publisher={Wiley Online Library}
}

@article{fersht1985enzyme,
      title={Enzyme structure and mechanism},
      author={Fersht, A.},
      year={1985},
      Journal={CRC Press, Inc.}
}


@article{stewart2009application,
  title={{Application of the PM6 method to modeling proteins}},
  author={Stewart, J.J.P.},
  journal={Journal of molecular modeling},
  volume={15},
  number={7},
  pages={765--805},
  year={2009},
  publisher={Springer}
}

@article{stewart1989optimization,
  title={{Optimization of parameters for semiempirical methods I. Method}},
  author={Stewart, J.J.P.},
  journal={Journal of Computational Chemistry},
  volume={10},
  number={2},
  pages={209--220},
  year={1989},
  publisher={Wiley Online Library}
}

@article{dewar1985development,
  title={Development and use of Quantum Mechanical molecular models. 76. AM1: a new general purpose quantum mechanical molecular model},
  author={Dewar, M.J.S. and Zoebisch, E.G. and Healy, E.F. and Stewart, J.J.P.},
  journal={Journal of the American Chemical Society},
  volume={107},
  number={13},
  pages={3902--3909},
  year={1985},
  publisher={ACS Publications}
}

@book{pople1970approximate,
 title={Approximate Molecular Orbital Theory},
 author={Pople, J.A. and Beverdige, D.L.},
 year={1970},
 address={New York},
 publisher={McGraw-Hill}
}

@article{schenker2011assessment,
  title={Assessment of Popular DFT and Semiempirical Molecular Orbital Techniques for Calculating Relative Transition State Energies and Kinetic Product Distributions in Enantioselective Organocatalytic Reactions},
  author={Schenker, S. and Schneider, C. and Tsogoeva, S.B. and Clark, T.},
  journal={Journal of Chemical Theory and Computation},
  year={2011},
  publisher={ACS Publications}
}

@article{s2011improved,
  title={Improved Treatment of Ligands and Coupling Effects in Empirical Calculation and Rationalization of pKa Values},
  author={S{\o}ndergaard, C.R. and Olsson, M. and Rostkowski, M. and Jensen, J.H.},
  journal={Journal of Chemical Theory and Computation},
  year={2011},
  publisher={ACS Publications}
}

@article{noodleman2004quantum,
  author={Noodleman, L. and Lovell, T. and Han, W.G. and Li, J. and Himo, F.},
  title={{Quantum chemical studies of intermediates and reaction pathways in selected enzymes and catalytic synthetic systems}},
  journal={Chemical reviews},
  volume={104},
  number={2},
  pages={459--508},
  year={2004},
  publisher={ACS Publications}
}

@article{parks2009mechanism,
  title={{Mechanism of Cdc25B phosphatase with the small molecule substrate p-nitrophenyl phosphate from QM/MM-MFEP calculations}},
  author={Parks, J.M. and Hu, H. and Rudolph, J. and Yang, W.},
  journal={The Journal of Physical Chemistry B},
  volume={113},
  number={15},
  pages={5217--5224},
  year={2009},
  publisher={ACS Publications}
}

@article{altarsha2010coupling,
  title={{Coupling and uncoupling mechanisms in the methoxythreonine mutant of cytochrome P450cam: a quantum mechanical/molecular mechanical study}},
  author={Altarsha, M. and Benighaus, T. and Kumar, D. and Thiel, W.},
  journal={Journal of Biological Inorganic Chemistry},
  volume={15},
  number={3},
  pages={361--372},
  year={2010},
  publisher={Springer}
}

@article{hermann2009high,
  title={{High Level QM/MM Modeling of the Formation of the Tetrahedral Intermediate in the Acylation of Wild Type and K73A Mutant TEM-1 Class A $\beta$-Lactamase}},
  author={Hermann, J.C. and Pradon, J. and Harvey, J.N. and Mulholland, A.J.},
  journal={The Journal of Physical Chemistry A},
  volume={113},
  number={43},
  pages={11984--11994},
  year={2009},
  publisher={ACS Publications}
}

@article{tian2009qm,
  title={QM/MM simulation on p450 bm3 enzyme catalysis mechanism},
  author={Tian, L. and Friesner, R.A.},
  journal={Journal of chemical theory and computation},
  volume={5},
  number={5},
  pages={1421--1431},
  year={2009},
  publisher={ACS Publications}
}
@article{vacic2011determination,
  title={Determination of Molecular Configuration by Debye Length Modulation},
  author={Vacic, A. and Criscione, J.M. and Rajan, N.K. and Stern, E.D. and Fahmy, T.M. and Reed, M.A.},
  journal={Journal of the American Chemical Society},
  year={2011},
  publisher={ACS Publications}
}

@article{sorensen2007screening,
  title={Screening model for nanowire surface-charge sensors in liquid},
  author={S{\o}rensen, M.H. and Mortensen, N.A. and Brandbyge, M.},
  journal={Applied Physics Letters},
  volume={91},
  number={10},
  pages={102105--102105},
  year={2007},
  publisher={AIP}
}

@article{sorensen2009master,
    title={Nanowire Biosensor},
    author={S{\o}rensen, M.H.}, 
    journal={Master Thesis},
    volume={},
    number={},
    pages={},
    year={2009},
    publisher={}
}

@article{de2010quantifying,
  title={Quantifying signal changes in nano-wire based biosensors},
  author={De Vico, L. and S{\o}rensen, M.H. and Iversen, L. and Rogers, D.M. and S{\o}rensen, B.S. and Brandbyge, M. and Nyg{\aa}rd, J. and Martinez, K.L. and Jensen, J.H.},
  journal={Nanoscale},
  year={2010},
  publisher={The Royal Society of Chemistry}
}
@article{de2011predicting,
  title={Predicting and rationalizing the effect of surface charge distribution and orientation on nano-wire based FET bio-sensors},
  author={De Vico, L. and Iversen, L. and S{\o}rensen, M.H. and Brandbyge, M. and Nyg{\aa}rd, J. and Martinez, K.L. and Jensen, J.H.},
  journal={Nanoscale},
  year={2011},
  publisher={The Royal Society of Chemistry}
}
@article{dolinsky2007pdb2pqr,
      title={PDB2PQR: expanding and upgrading automated preparation of biomolecular structures for molecular simulations},
        author={Dolinsky, T.J. and Czodrowski, P. and Li, H. and Nielsen, J.E. and Jensen, J.H. and Klebe, G. and Baker, N.A.},
          journal={Nucleic Acids Research},
            volume={35},
              number={suppl 2},
                pages={W522--W525},
                  year={2007},
                    publisher={Oxford Univ Press}
}
@article{dolinsky2004pdb2pqr,
      title={PDB2PQR: an automated pipeline for the setup of Poisson--Boltzmann electrostatics calculations},
        author={Dolinsky, T.J. and Nielsen, J.E. and McCammon, J.A. and Baker, N.A.},
          journal={Nucleic acids research},
            volume={32},
              number={suppl 2},
                pages={W665--W667},
                  year={2004},
                    publisher={Oxford Univ Press}
}
@article{humphrey1996vmd,
      title={VMD: visual molecular dynamics},
        author={Humphrey, W. and Dalke, A. and Schulten, K.},
          journal={Journal of molecular graphics},
            volume={14},
              number={1},
                pages={33--38},
                  year={1996},
                    publisher={Elsevier}
}
@article{tian2011ultrasensitive,
  title={Ultrasensitive protein detection using lithographically defined Si multi-nanowire field effect transistors},
  author={Tian, R. and Regonda, S. and Gao, J. and Liu, Y. and Hu, W.},
  journal={Lab Chip},
  year={2011},
  publisher={The Royal Society of Chemistry}
}
@article{chang2011rapid,
  title={Rapid, Label-Free, Electrical Whole Blood Bioassay Based on Nanobiosensor Systems},
  author={Chang, H.K. and Ishikawa, F.N. and Zhang, R. and Datar, R. and Cote, R.J. and Thompson, M.E. and Zhou, C.},
  journal={ACS nano},
  year={2011},
  publisher={ACS Publications}
}

@article{hanson2010jmol,
  title={Jmol-a paradigm shift in crystallographic visualization},
  author={Hanson, R.M.},
  journal={Journal of Applied Crystallography},
  volume={43},
  number={5},
  pages={1250--1260},
  year={2010},
  publisher={International Union of Crystallography}
}
@article{berman2000protein,
  title={The protein data bank},
  author={Berman, H.M. and Westbrook, J. and Feng, Z. and Gilliland, G. and Bhat, TN and Weissig, H. and Shindyalov, I.N. and Bourne, P.E.},
  journal={Nucleic acids research},
  volume={28},
  number={1},
  pages={235--242},
  year={2000},
  publisher={Oxford Univ Press}
}

@article{ullmann1999electrostatic,
  title={Electrostatic models for computing protonation and redox equilibria in proteins},
  author={Ullmann, G.M. and Knapp, E.W.},
  journal={European Biophysics Journal},
  volume={28},
  number={7},
  pages={533--551},
  year={1999},
  publisher={Springer}
}

@article{ishida2003theoretical,
  title={{Theoretical perspectives on the reaction mechanism of serine proteases: the reaction free energy profiles of the acylation process}},
  author={Ishida, T. and Kato, S.},
  journal={Journal of the American Chemical Society},
  volume={125},
  number={39},
  pages={12035--12048},
  year={2003},
  publisher={ACS Publications}
}

@article{ishida2004role,
  title={{Role of Asp102 in the catalytic relay system of serine proteases: a theoretical study}},
  author={Ishida, T. and Kato, S.},
  journal={Journal of the American Chemical Society},
  volume={126},
  number={22},
  pages={7111--7118},
  year={2004},
  publisher={ACS Publications}
}

@book{fersht1999structure,
  title={{Structure and mechanism in protein science: a guide to enzyme catalysis and protein folding}},
  author={Fersht, A.},
  year={1999},
 address={New York},
  publisher={WH Freeman}
}

@article{liu2010specific,
  title={Specific and reversible immobilization of histidine-tagged proteins on functionalized silicon nanowires},
  author={Liu, Y.C.C. and Rieben, N. and Iversen, L. and S{\o}rensen, B.S. and Park, J. and Nyg{\aa}rd, J. and Martinez, K.L.},
  journal={Nanotechnology},
  volume={21},
  pages={245105},
  year={2010},
  publisher={IOP Publishing}
}

@article{macao2005autoproteolysis,
  title={Autoproteolysis coupled to protein folding in the SEA domain of the membrane-bound MUC1 mucin},
  author={Macao, B. and Johansson, D.G.A. and Hansson, G.C. and H{\"a}rd, T.},
  journal={Nature structural \& molecular biology},
  volume={13},
  number={1},
  pages={71--76},
  year={2005},
  publisher={Nature Publishing Group}
}

@article{harris1997refined,
      title={Refined structure of an intact IgG2a monoclonal antibody},
        author={Harris, L.J. and Larson, S.B. and Hasel, K.W. and McPherson, A.},
          journal={Biochemistry},
            volume={36},
              number={7},
                pages={1581--1597},
                  year={1997},
                    publisher={ACS Publications}
}
@article{heitzinger2007computational,
  title={Computational aspects of the three-dimensional feature-scale simulation of silicon-nanowire field-effect sensors for DNA detection},
  author={Heitzinger, C. and Klimeck, G.},
  journal={Journal of Computational Electronics},
  volume={6},
  number={1},
  pages={387--390},
  year={2007},
  publisher={Springer}
} 

@article{heitzinger2008modeling,
  title={Modeling and simulation of field-effect biosensors (BioFETs) and their deployment on the nanoHUB},
  author={Heitzinger, C. and Kennell, R. and Klimeck, G. and Mauser, N. and McLennan, M. and Ringhofer, C.},
  journal={Journal of Physics: Conference Series},
  volume={107},
  pages={012004},
  year={2008},
  publisher={IOP Publishing}
}


@article{windbacher2010biotin,
  title={Biotin-Streptavidin Sensitive BioFETs and Their Properties},
  author={Windbacher, T. and Sverdlov, V. and Selberherr, S.},
  journal={Biomedical Engineering Systems and Technologies},
  volume={52},
  number={2},
  pages={85--95},
  year={2010},
  publisher={Springer}
}
@article{stern2007label,
  title={Label-free immunodetection with CMOS-compatible semiconducting nanowires},
  author={Stern, E. and Klemic, J.F. and Routenberg, D.A. and Wyrembak, P.N. and Turner-Evans, D.B. and Hamilton, A.D. and LaVan, D.A. and Fahmy, T.M. and Reed, M.A.},
  journal={Nature},
  volume={445},
  number={7127},
  pages={519--522},
  year={2007},
  publisher={Nature Publishing Group}
}
@article{stern2007importance,
  title={Importance of the Debye screening length on nanowire field effect transistor sensors},
  author={Stern, E. and Wagner, R. and Sigworth, F.J. and Breaker, R. and Fahmy, T.M. and Reed, M.A.},
  journal={Nano letters},
  volume={7},
  number={11},
  pages={3405--3409},
  year={2007},
  publisher={ACS Publications}
}
@article{nair2007design,
  title={Design considerations of silicon nanowire biosensors},
  author={Nair, P.R. and Alam, M.A.},
  journal={Electron Devices, IEEE Transactions on},
  volume={54},
  number={12},
  pages={3400--3408},
  year={2007},
  publisher={IEEE}
}
@article{gao2009subthreshold,
  title={Subthreshold regime has the optimal sensitivity for nanowire FET biosensors},
  author={Gao, X.P.A. and Zheng, G. and Lieber, C.M.},
  journal={Nano letters},
  volume={10},
  number={2},
  pages={547--552},
  year={2009},
  publisher={ACS Publications}
}
@article{dorvel2012silicon,
  title={Silicon Nanowires with High-k Hafnium Oxide Dielectrics for Sensitive Detection of Small Nucleic Acid Oligomers},
  author={Dorvel, B.R. and Reddy, B. and Go, J. and Duarte Guevara, C. and Salm, E. and Alam, M.A. and Bashir, R.},
  journal={ACS nano},
  year={2012},
  publisher={ACS Publications}
}
@article{wong2009directed,
  title={Directed hybridization and melting of DNA linkers using counterion-screened electric fields},
  author={Wong, I.Y. and Melosh, N.A.},
  journal={Nano letters},
  volume={9},
  number={10},
  pages={3521--3526},
  year={2009},
  publisher={ACS Publications}
}

@article{neizvestny2009semiconductor,
  title={Semiconductor nanowire sensors},
  author={Neizvestny, I.G.},
  journal={Russian Microelectronics},
  volume={38},
  number={4},
  pages={223--238},
  year={2009},
  publisher={Springer}
}

@article{waleed2007study,
  title={Study of the electrolyte-insulator-semiconductor field-effect transistor (EISFET) with applications in biosensor design},
  author={Waleed Shinwari, M. and Jamal Deen, M. and Landheer, D.},
  journal={Microelectronics Reliability},
  volume={47},
  number={12},
  pages={2025--2057},
  year={2007},
  publisher={Elsevier}
}

@article{patolsky2006nanowire,
  title={Nanowire-based biosensors},
  author={Patolsky, F. and Zheng, G. and Lieber, C.M.},
  journal={Analytical Chemistry},
  volume={78},
  number={13},
  pages={4260--4269},
  year={2006},
  publisher={ACS Publications}
}
@article{roy2009nanostructure,
  title={Nanostructure-based electrical biosensors},
  author={Roy, S. and Gao, Z.},
  journal={Nano Today},
  volume={4},
  number={4},
  pages={318--334},
  year={2009},
  publisher={Elsevier}
}
@article{curreli2008real,
  title={Real-time, label-free detection of biological entities using nanowire-based FETs},
  author={Curreli, M. and Zhang, R. and Ishikawa, F.N. and Chang, H.K. and Cote, R.J. and Zhou, C. and Thompson, M.E.},
  journal={Nanotechnology, IEEE Transactions on},
  volume={7},
  number={6},
  pages={651--667},
  year={2008},
  publisher={IEEE}
}

@article{berthing2009applications,
  title={Applications of nanowire arrays in nanomedicine},
  author={Berthing, T. and S{\o}rensen, C.B. and Nyg{\aa}rd, J. and Martinez, K.L.},
  journal={Journal of Nanoneuroscience},
  volume={1},
  pages={3--9},
  year={2009},
  publisher={unknown}
}
@article{bjork2009donor,
  title={Donor deactivation in silicon nanostructures},
  author={Bj{\"o}rk, M.T. and Schmid, H. and Knoch, J. and Riel, H. and Riess, W.},
  journal={Nature Nanotechnology},
  volume={4},
  number={2},
  pages={103--107},
  year={2009},
  publisher={Nature Publishing Group}
}
@article{garnett2009dopant,
  title={Dopant profiling and surface analysis of silicon nanowires using capacitance--voltage measurements},
  author={Garnett, E.C. and Tseng, Y.C. and Khanal, D.R. and Wu, J. and Bokor, J. and Yang, P.},
  journal={Nature Nanotechnology},
  volume={4},
  number={5},
  pages={311--314},
  year={2009},
  publisher={Nature Publishing Group}
}
@article{punzet2012determination,
  title={Determination of surface concentrations of individual molecule-layers used in nanoscale biosensors by in-situ ATR-FTIR spectroscopy},
  author={Punzet, M. and Baurecht, D. and Varga, F. and Karlic, H. and Heitzinger, C.},
  journal={Nanoscale},
  year={2012},
  publisher={The Royal Society of Chemistry}
}
@article{duan2012quantification,
  title={Quantification of the affinities and kinetics of protein interactions using silicon nanowire biosensors},
  author={Duan, X. and Li, Y. and Rajan, N.K. and Routenberg, D.A. and Modis, Y. and Reed, M.A.},
  journal={Nature Nanotechnology},
  volume={7},
  number={6},
  pages={401--407},
  year={2012},
  publisher={Nature Publishing Group}
}
@article{hakim2012thin,
  title={Thin Film Polycrystalline Silicon Nanowire Biosensors},
  author={Hakim, M.M.A. and Lombardini, M. and Sun, K. and Giustiniano, F. and Roach, P.L. and Davies, D.E. and Howarth, P.H. and de Planque, M.R.R. and Morgan, H. and Ashburn, P.},
  journal={Nano letters},
  volume={12},
  number={4},
  pages={1868--1872},
  year={2012},
  publisher={ACS Publications}
}
@article{nair2008screening,
  title={Screening-limited response of nanobiosensors},
  author={Nair, P.R. and Alam, M.A.},
  journal={Nano letters},
  volume={8},
  number={5},
  pages={1281--1285},
  year={2008},
  publisher={ACS Publications}
}
@inproceedings{heitzinger2009modeling,
  title={Modeling and Simulation of Orientation-Dependent Fluctuations in Nanowire Field-Effect Biosensors using the Stochastic Linearized Poisson-Boltzmann Equation},
  author={Heitzinger, C. and Mauser, N.J. and Ringhofer, C. and Liu, Y. and Dutton, R.W.},
  booktitle={Simulation of Semiconductor Processes and Devices, 2009. SISPAD'09. International Conference on},
  pages={1--5},
  year={2009},
  organization={IEEE}
}
@article{nair2010theory,
  title={Theory of “Selectivity” of label-free nanobiosensors: A geometro-physical perspective},
  author={Nair, P.R. and Alam, M.A.},
  journal={Journal of applied physics},
  volume={107},
  number={6},
  pages={064701--064701},
  year={2010},
  publisher={AIP}
}
@article{nair2006performance,
  title={Performance limits of nanobiosensors},
  author={Nair, PR and Alam, MA},
  journal={Applied physics letters},
  volume={88},
  pages={233120},
  year={2006}
}
@article{syren2012esterases,
  title={{Esterases with an Introduced Amidase-Like Hydrogen Bond in the Transition State Have Increased Amidase Specificity}},
  author={Syr{\'e}n, P.O. and Hendil-Forssell, P. and Aumailley, L. and Besenmatter, W. and Gounine, F. and Svendsen, A. and Martinelle, M. and Hult, K.},
  journal={ChemBioChem},
  year={2012},
  publisher={Wiley Online Library}
}
@article{patkar1997effect,
  title={{Effect of mutation in non-consensus sequence Thr-X-Ser-X-Gly of  Candida antarctica lipase B on lipase specificity, specific activity and thermostability}},
  author={Patkar, S.A. and Svendsen, A. and Kirk, O. and Clausen, I.G. and Borch, K.},
  journal={Journal of Molecular Catalysis B: Enzymatic},
  volume={3},
  number={1},
  pages={51--54},
  year={1997},
  publisher={Elsevier}
}

@article{nakagawa2007engineering,
  title={{Engineering of Pseudomonas aeruginosa lipase by directed evolution for enhanced amidase activity: mechanistic implication for amide hydrolysis by serine hydrolases}},
  author={Nakagawa, Y. and Hasegawa, A. and Hiratake, J. and Sakata, K.},
  journal={Protein Engineering Design and Selection},
  volume={20},
  number={7},
  pages={339--346},
  year={2007},
  publisher={Oxford Univ Press}
}
@article{C1CC10865D,
author={Takwa, Mohamad and Larsen, Marianne Wittrup and Hult, Karl and Martinelle, Mats},
title={{Rational redesign of Candida antarctica lipase B for the ring opening polymerization of d{,}d-lactide}},
journal={Chem. Commun.},
year={2011},
volume={47},
issue={26},
pages={7392-7394},
publisher={The Royal Society of Chemistry},
doi={10.1039/C1CC10865D},
url={http://dx.doi.org/10.1039/C1CC10865D},
abstract={Based on molecular modelling{,} the enzyme Candida antarctica lipase B was redesigned as a catalyst for the ring opening polymerization of d{,}d-lactide. Two mutants with 90-fold increased activity as compared to the wild-type enzyme were created. In a preparative synthesis of poly(d{,}d-lactide) the mutants greatly improved the rate and the degree of polymerization.}
}

@article{hedstrom2002serine,
  title={Serine protease mechanism and specificity},
  author={Hedstrom, L. and others},
  journal={Chemical reviews},
  volume={102},
  number={12},
  pages={4501--4524},
  year={2002},
  publisher={ACS AMERICAN CHEMICAL SOCIETY}
}
@book{polgar1989mechanisms,
  title={Mechanisms of protease action},
  author={Polg{\'a}r, L.},
  year={1989},
  publisher={CRC}
}
@article{henke2003fluorophoric,
  title={Fluorophoric assay for the high-throughput determination of amidase activity},
  author={Henke, E. and Bornscheuer, U.T.},
  journal={Analytical chemistry},
  volume={75},
  number={2},
  pages={255--260},
  year={2003},
  publisher={ACS Publications}
}

@article{CBIC:CBIC201100779,
  author = {Syrén, Per-Olof and Hendil-Forssell, Peter and Aumailley, Lucie and Besenmatter, Werner and Gounine, Farida and Svendsen, Allan and Martinelle, Mats and Hult, Karl},
  title = {{Esterases with an Introduced Amidase-Like Hydrogen Bond in the Transition State Have Increased Amidase Specificity}},
  journal = {ChemBioChem},
  volume = {13},
  number = {5},
  publisher = {WILEY-VCH Verlag},
  issn = {1439-7633},
  url = {http://dx.doi.org/10.1002/cbic.201100779},
  doi = {10.1002/cbic.201100779},
  pages = {645--648},
  keywords = {biocatalysis, chemoselectivity, enzyme catalysis, hydrogen bonds, protein engineering},
  year = {2012},
}

@article{Privett22022012,
author = {Privett, Heidi K. and Kiss, Gert and Lee, Toni M. and Blomberg, Rebecca and Chica, Roberto A. and Thomas, Leonard M. and Hilvert, Donald and Houk, Kendall N. and Mayo, Stephen L.}, 
title = {Iterative approach to computational enzyme design}, 
year = {2012}, 
doi = {10.1073/pnas.1118082108}, 
URL = {http://www.pnas.org/content/early/2012/02/17/1118082108.abstract}, 
eprint = {http://www.pnas.org/content/early/2012/02/17/1118082108.full.pdf+html}, 
journal = {Proceedings of the National Academy of Sciences} 
}

@article{jackel2008protein,
  title={Protein design by directed evolution},
  author={J{\"a}ckel, C. and Kast, P. and Hilvert, D.},
  journal={Annu. Rev. Biophys.},
  volume={37},
  pages={153--173},
  year={2008},
  publisher={Annual Reviews}
}

@article{PRO:PRO152785,
author = {Zanghellini, Alexandre and Jiang, Lin and Wollacott, Andrew M. and Cheng, Gong and Meiler, Jens and Althoff, Eric A. and Röthlisberger, Daniela and Baker, David},
title = {New algorithms and an in silico benchmark for computational enzyme design},
journal = {Protein Science},
volume = {15},
number = {12},
publisher = {Cold Spring Harbor Laboratory Press},
issn = {1469-896X},
url = {http://dx.doi.org/10.1110/ps.062353106},
doi = {10.1110/ps.062353106},
pages = {2785--2794},
keywords = {enzyme design, protein design, active site recapitulation, protein–ligand interactions, geometric hashing},
year = {2006},
}

@article{zhou2010high,
  title={{High-Throughput Virtual Screening Using Quantum Mechanical Probes: Discovery of Selective Kinase Inhibitors}},
  author={Zhou, T. and Caflisch, A.},
  journal={ChemMedChem},
  volume={5},
  number={7},
  pages={1007--1014},
  year={2010},
  publisher={Wiley Online Library}
}

@article{jm800242q,
author = {Zhou, Ting and Huang, Danzhi and Caflisch, Amedeo},
title = {{Is Quantum Mechanics Necessary for Predicting Binding Free Energy?}},
journal = {Journal of Medicinal Chemistry},
volume = {51},
number = {14},
pages = {4280-4288},
year = {2008},
doi = {10.1021/jm800242q},
note ={PMID: 18578469},

URL = {http://pubs.acs.org/doi/abs/10.1021/jm800242q},
eprint = {http://pubs.acs.org/doi/pdf/10.1021/jm800242q}
}

@article{chica2005semi,
  title={{Semi-rational approaches to engineering enzyme activity: combining the benefits of directed evolution and rational design}},
  author={Chica, R.A. and Doucet, N. and Pelletier, J.N.},
  journal={Current opinion in biotechnology},
  volume={16},
  number={4},
  pages={378--384},
  year={2005},
  publisher={Elsevier}
}

@article{cavasotto2007ligand,
  title={Ligand docking and structure-based virtual screening in drug discovery},
  author={Cavasotto, C.N. and Orry, W. and Andrew, J.},
  journal={Current topics in medicinal chemistry},
  volume={7},
  number={10},
  pages={1006--1014},
  year={2007},
  publisher={Bentham Science Publishers}
}

@article{rod2005quantum,
  title={Quantum mechanical free energy barrier for an enzymatic reaction},
  author={Rod, T.H. and Ryde, U.},
  journal={Physical review letters},
  volume={94},
  number={13},
  pages={138302},
  year={2005},
  publisher={APS}
}

@article{kolkenbrock2006n,
  title={{N-Acetylanthranilate amidase from Arthrobacter nitroguajacolicus R{\"u}61a, an $\alpha$/$\beta$-hydrolase-fold protein active towards aryl-acylamides and-esters, and properties of its cysteine-deficient variant}},
  author={Kolkenbrock, S. and Parschat, K. and Beermann, B. and Hinz, H.J. and Fetzner, S.},
  journal={Journal of bacteriology},
  volume={188},
  number={24},
  pages={8430--8440},
  year={2006},
  publisher={Am Soc Microbiol}
}

@article{himo2006quantum,
  title={Quantum chemical modeling of enzyme active sites and reaction mechanisms},
  author={Himo, F.},
  journal={Theoretical Chemistry Accounts: Theory, Computation, and Modeling (Theoretica Chimica Acta)},
  volume={116},
  number={1},
  pages={232--240},
  year={2006},
  publisher={Springer}
}

@article{hu2009quantum,
  title={{Do Quantum Mechanical Energies Calculated for Small Models of Protein-Active Sites Converge?}},
  author={Hu, L.H. and Eliasson, J. and Heimdal, J. and Ryde, U.},
  journal={The Journal of Physical Chemistry A},
  volume={113},
  number={43},
  pages={11793--11800},
  year={2009},
  publisher={ACS Publications}
}

@article{joshi2001dissecting,
  title={{Dissecting the electrostatic interactions and pH-dependent activity of a family 11 glycosidase}},
  author={Joshi, M.D. and Sidhu, G. and Nielsen, J.E. and Brayer, G.D. and Withers, S.G. and McIntosh, L.P.},
  journal={Biochemistry},
  volume={40},
  number={34},
  pages={10115--10139},
  year={2001},
  publisher={ACS Publications}
}
@article{joshi2000hydrogen,
  title={Hydrogen bonding and catalysis: a novel explanation for how a single amino acid substitution can change the ph optimum of a glycosidase1},
  author={Joshi, M.D. and Sidhu, G. and Pot, I. and Brayer, G.D. and Withers, S.G. and McIntosh, L.P.},
  journal={Journal of molecular biology},
  volume={299},
  number={1},
  pages={255--279},
  year={2000},
  publisher={Elsevier}
}

@article{qian2008mechanisms,
  title={{Mechanisms of Xylose and Xylo-Oligomer Degradation During Acid Pretreatment}},
  author={Qian, X. and Nimlos, M.R.},
  journal={Biomass Recalcitrance},
  pages={331--351},
  year={2008},
  publisher={Wiley Online Library}
}

@article{hanwell2012avogadro,
      title={{Avogadro: An advanced semantic chemical editor, visualization, and analysis platform}},
        author={Hanwell, M.D. and Curtis, D.E. and Lonie, D.C. and Vandermeersch, T. and Zurek, E. and Hutchison, G.R.},
          journal={Journal of Cheminformatics},
            volume={4},
              number={1},
                pages={17},
                  year={2012},
                    publisher={Chemistry Central Ltd}
}

@misc{Avogadrom,
    title = {{Avogadro: an open-source molecular builder and visualization tool. Version 1.XX.}},
    note = {\url{http://avogadro.openmolecules.net/}}
}

@article{wakarchuk1994mutational,
  title={Mutational and crystallographic analyses of the active site residues of the Bacillus circulans xylanase},
  author={Wakarchuk, W.W. and Campbell, R.L. and Sung, W.L. and Davoodi, J. and Yaguchi, M.},
  journal={Protein Science},
  volume={3},
  number={3},
  pages={467--475},
  year={1994},
  publisher={Wiley Online Library}
}

@article{10.1371/journal.pone.0049849,
    author = {Hediger, , Martin R. AND De Vico, , Luca AND Svendsen, , Allan AND Besenmatter, , Werner AND Jensen, , Jan H.},
    journal = {PLoS ONE},
    publisher = {Public Library of Science},
    title = {A Computational Methodology to Screen Activities of Enzyme Variants},
    year = {2012},
    month = {12},
    volume = {7},
    url = {http://dx.doi.org/10.1371%2Fjournal.pone.0049849},
    pages = {e49849},
    number = {12},
    doi = {10.1371/journal.pone.0049849}
}        

@ARTICLE{2012arXiv1209.4469H,
author = {{Hediger}, M.~R. and {De Vico}, L. and {Rannes}, J.~B. and {J{\"a}ckel}, C. and {Besenmatter}, W. and {Svendsen}, A. and {Jensen}, J.~H.},
title = "{In silico screening of 393 mutants facilitates enzyme engineering of amidase activity in CalB}",
journal = {ArXiv e-prints},
}

@article{wilson1991computational,
title={Computational method for the design of enzymes with altered substrate specificity},
author={Wilson, C. and Mace, J.E. and Agard, D.A.},
journal={Journal of molecular biology},
volume={220},
number={2},
pages={495--506},
year={1991},
publisher={Elsevier}
}
@article{van2008computational,
title={Computational enzymology: insight into biological catalysts from modelling},
author={van der Kamp, M.W. and Mulholland, A.J.},
journal={Natural product reports},
volume={25},
number={6},
pages={1001--1014},
year={2008},
publisher={Royal Society of Chemistry}
}
@article{rothlisberger2008kemp,
  title={Kemp elimination catalysts by computational enzyme design},
  author={R{\"o}thlisberger, D. and Khersonsky, O. and Wollacott, A.M. and Jiang, L. and DeChancie, J. and Betker, J. and Gallaher, J.L. and Althoff, E.A. and Zanghellini, A. and Dym, O. and others},
  journal={Nature},
  volume={453},
  number={7192},
  pages={190--195},
  year={2008},
  publisher={Nature Publishing Group}
}





@article{doi:10.1021/bi201312u,
author = {Gerlt, John A. and Allen, Karen N. and Almo, Steven C. and Armstrong, Richard N. and Babbitt, Patricia C. and Cronan, John E. and Dunaway-Mariano, Debra and Imker, Heidi J. and Jacobson, Matthew P. and Minor, Wladek and Poulter, C. Dale and Raushel, Frank M. and Sali, Andrej and Shoichet, Brian K. and Sweedler, Jonathan V.},
title = {The Enzyme Function Initiative},
journal = {Biochemistry},
volume = {50},
number = {46},
pages = {9950-9962},
year = {2011},
doi = {10.1021/bi201312u},

URL = {http://pubs.acs.org/doi/abs/10.1021/bi201312u},
eprint = {http://pubs.acs.org/doi/pdf/10.1021/bi201312u}
}
@article{kraut2003challenges,
  title={Challenges in enzyme mechanism and energetics},
  author={Kraut, D.A. and Carroll, K.S. and Herschlag, D.},
  journal={Annual review of biochemistry},
  volume={72},
  number={1},
  pages={517--571},
  year={2003},
  publisher={Annual Reviews 4139 El Camino Way, PO Box 10139, Palo Alto, CA 94303-0139, USA}
}
@article{field2001simulating,
  title={Simulating enzyme reactions: challenges and perspectives},
  author={Field, M.J.},
  journal={Journal of computational chemistry},
  volume={23},
  number={1},
  pages={48--58},
  year={2001},
  publisher={Wiley Online Library}
}
@article{hu2008free,
  title={Free energies of chemical reactions in solution and in enzymes with ab initio quantum mechanics/molecular mechanics methods},
  author={Hu, H. and Yang, W.},
  journal={Annu. Rev. Phys. Chem.},
  volume={59},
  pages={573--601},
  year={2008},
  publisher={Annual Reviews}
}
@article{von1993rational,
  title={Rational design of potent sialidase-based inhibitors of influenza virus replication},
  author={Von Itzstein, M. and Wu, W.Y. and Kok, G.B. and Pegg, M.S. and Dyason, J.C. and Jin, B. and Van Phan, T. and Smythe, M.L. and White, H.F. and Oliver, S.W. and others},
  journal={Nature},
  volume={363},
  number={6428},
  pages={418--423},
  year={1993},
  publisher={Nature Publishing Group}
}

@article{schames2004discovery,
  title={Discovery of a novel binding trench in HIV integrase},
  author={Schames, J.R. and Henchman, R.H. and Siegel, J.S. and Sotriffer, C.A. and Ni, H. and McCammon, J.A.},
  journal={Journal of medicinal chemistry},
  volume={47},
  number={8},
  pages={1879--1881},
  year={2004},
  publisher={ACS Publications}
}

@article{benkovic2003perspective,
  title={A perspective on enzyme catalysis},
  author={Benkovic, S.J. and Hammes-Schiffer, S.},
  journal={Science},
  volume={301},
  number={5637},
  pages={1196--1202},
  year={2003},
  publisher={American Association for the Advancement of Science}
}

@article{vellard2003enzyme,
  title={The enzyme as drug: application of enzymes as pharmaceuticals},
  author={Vellard, M.},
  journal={Current opinion in biotechnology},
  volume={14},
  number={4},
  pages={444--450},
  year={2003},
  publisher={Elsevier}
}
@article{margolin1993enzymes,
  title={Enzymes in the synthesis of chiral drugs},
  author={Margolin, A.L.},
  journal={Enzyme and microbial technology},
  volume={15},
  number={4},
  pages={266--280},
  year={1993},
  publisher={Elsevier}
}

@article{beilen2002enzyme,
  title={Enzyme technology: an overview},
  author={Beilen, J.B. and Li, Z.},
  journal={Current Opinion in Biotechnology},
  volume={13},
  number={4},
  pages={338--344},
  year={2002},
  publisher={Elsevier}
}
@article{sidhu1999sugar,
  title={Sugar ring distortion in the glycosyl-enzyme intermediate of a family G/11 xylanase},
  author={Sidhu, G. and Withers, S.G. and Nguyen, N.T. and McIntosh, L.P. and Ziser, L. and Brayer, G.D.},
  journal={Biochemistry},
  volume={38},
  number={17},
  pages={5346--5354},
  year={1999},
  publisher={ACS Publications}
}

@article{klamt1993cosmo,
  title={COSMO: a new approach to dielectric screening in solvents with explicit expressions for the screening energy and its gradient},
  author={Klamt, A. and Sch{\"u}{\"u}rmann, G.},
  journal={J. Chem. Soc., Perkin Trans. 2},
  number={5},
  pages={799--805},
  year={1993},
  publisher={The Royal Society of Chemistry}
}
@article{fedorov2004second,
  title={Second order M{\o}ller-Plesset perturbation theory based upon the fragment molecular orbital method},
  author={Fedorov, Dmitri G and Kitaura, Kazuo},
  journal={The Journal of Chemical Physics},
  volume={121},
  number={6},
  pages={2483--2490},
  year={2004},
  publisher={American Institute of Physics}
}
@article{steinmann2012mapping,
  title={Mapping Enzymatic Catalysis using the Effective Fragment Molecular Orbital Method: Towards all ab initio Biochemistry},
  author={Steinmann, Casper and Fedorov, Dmitri G and Jensen, Jan H},
  journal={arXiv preprint arXiv:1212.6172},
  year={2012}
}
@article{steinmann2012fragit,
  title={FragIt: A Tool to Prepare Input Files for Fragment Based Quantum Chemical Calculations},
  author={Steinmann, Casper and Ibsen, Mikael W and Hansen, Anne S and Jensen, Jan H},
  journal={PLOS ONE},
  volume={7},
  number={9},
  pages={e44480},
  year={2012},
  publisher={Public Library of Science}
}
@article{ct100578z,
author = {Olsson, Mats H. M. and S{\o}ndergaard, Chresten R. and Rostkowski, Michal and Jensen, Jan H.},
title = {PROPKA3: Consistent Treatment of Internal and Surface Residues in Empirical pKa Predictions},
journal = {Journal of Chemical Theory and Computation},
volume = {7},
number = {2},
pages = {525-537},
year = {2011},
doi = {10.1021/ct100578z},

URL = {http://pubs.acs.org/doi/abs/10.1021/ct100578z},
eprint = {http://pubs.acs.org/doi/pdf/10.1021/ct100578z}
}
@article{jiang2008novo,
  title={De novo computational design of retro-aldol enzymes},
  author={Jiang, Lin and Althoff, Eric A and Clemente, Fernando R and Doyle, Lindsey and R{\"o}thlisberger, Daniela and Zanghellini, Alexandre and Gallaher, Jasmine L and Betker, Jamie L and Tanaka, Fujie and Barbas, Carlos F and others},
  journal={Science},
  volume={319},
  number={5868},
  pages={1387--1391},
  year={2008},
  publisher={American Association for the Advancement of Science}
}
@article{Gordon2012,
author = {Gordon, Sydney R. and Stanley, Elizabeth J. and Wolf, Sarah and Toland, Angus and Wu, Sean J. and Hadidi, Daniel and Mills, Jeremy H. and Baker, David and Pultz, Ingrid Swanson and Siegel, Justin B.},
title = {{Computational Design of an $\alpha$-Gliadin Peptidase}},
journal = {Journal of the American Chemical Society},
volume = {134},
number = {50},
pages = {20513-20520},
year = {2012},
doi = {10.1021/ja3094795}
}
@article{Siegel2010,
author = {Siegel, Justin B. and Zanghellini, Alexandre and Lovick, Helena M. and Kiss, Gert and Lambert, Abigail R. and St.Clair, Jennifer L. and Gallaher, Jasmine L. and Hilvert, Donald and Gelb, Michael H. and Stoddard, Barry L. and Houk, Kendall N. and Michael, Forrest E. and Baker, David}, 
title = {Computational Design of an Enzyme Catalyst for a Stereoselective Bimolecular Diels-Alder Reaction},
volume = {329}, 
number = {5989}, 
pages = {309-313}, 
year = {2010}, 
doi = {10.1126/science.1190239}, 
abstract ={The Diels-Alder reaction is a cornerstone in organic synthesis, forming two carbon-carbon bonds and up to four new stereogenic centers in one step. No naturally occurring enzymes have been shown to catalyze bimolecular Diels-Alder reactions. We describe the de novo computational design and experimental characterization of enzymes catalyzing a bimolecular Diels-Alder reaction with high stereoselectivity and substrate specificity. X-ray crystallography confirms that the structure matches the design for the most active of the enzymes, and binding site substitutions reprogram the substrate specificity. Designed stereoselective catalysts for carbon-carbon bond-forming reactions should be broadly useful in synthetic chemistry.}, 
URL = {http://www.sciencemag.org/content/329/5989/309.abstract}, 
eprint = {http://www.sciencemag.org/content/329/5989/309.full.pdf}, 
journal = {Science} 
}

@article{Hariharan1973,
   author = {Hariharan, P. C. and Pople, J. A.},
   title = "{The influence of polarization functions on molecular orbital hydrogenation energies}",
   journal = {Theoretical Chemistry Accounts: Theory, Computation, and Modeling (Theoretica Chimica Acta)},
   publisher = {Springer Berlin / Heidelberg},
   issn = {1432-881X},
   keyword = {Chemistry and Materials Science},
   pages = {213-222},
   volume = {28},
   issue = {3},
   url = {http://dx.doi.org/10.1007/BF00533485},
   note = {10.1007/BF00533485},
   abstract = {Polarization functions are added in two steps to a split-valence extended gaussian basis set: d -type gaussians on the first row atoms C. N, O and F and p -type gaussians on hydrogen. The same d -exponent of 0.8 is found to be satisfactory for these four atoms and the hydrogen p -exponent of 1.1 is adequate in their hydrides. The energy lowering due to d functions is found to depend on the local symmetry around the heavy atom. For the particular basis used, the energy lowerings due to d functions for various environments around the heavy atom are tabulated. These bases are then applied to a set of molecules containing up to two heavy atoms to obtain their LCAO-MO-SCF energies. The mean absolute deviation between theory and experiment (where available) for heats of hydrogenation of closed shell species with two non-hydrogen atoms is 4 kcal/mole for the basis set with full polarization. Estimates of hydrogenation energy errors at the Hartree-Fock limit, based on available calculations, are given.},
   year = {1973}
}

@article{Tomasi2005,
author = {Tomasi, Jacopo and Mennucci, Benedetta and Cammi, Roberto},
title = "{Quantum Mechanical Continuum Solvation Models}",
journal = {Chemical Reviews},
volume = {105},
number = {8},
pages = {2999-3094},
year = {2005},
doi = {10.1021/cr9904009},
URL = {http://pubs.acs.org/doi/abs/10.1021/cr9904009},
eprint = {http://pubs.acs.org/doi/pdf/10.1021/cr9904009}
}

@article{fmo2002,
title = "{Fragment molecular orbital method: use of approximate electrostatic potential}",
journal = "Chemical Physics Letters",
volume = "351",
number = "5--6",
pages = "475 - 480",
year = "2002",
note = "",
issn = "0009-2614",
doi = "10.1016/S0009-2614(01)01416-6",
url = "http://www.sciencedirect.com/science/article/pii/S0009261401014166",
author = "Tatsuya Nakano and Tsuguchika Kaminuma and Toshiyuki Sato and Kaori Fukuzawa and Yutaka Akiyama and Masami Uebayasi and Kazuo Kitaura",
abstract = "Recently, we have proposed the fragment molecular orbital (FMO) method; an approximate MO method for calculating large molecules such as proteins. The method has been shown to reproduce ab initio total energies and geometries of molecules in good accuracy. The most time consuming part in the method, the calculations of environmental electrostatic potentials, were speeded up by employing the Mulliken approximation for two-electron integrals and a fractional point charge approximation. Numerical calculations on several polypeptides revealed that the approximations brought no significant loss of accuracy in the total energy of molecules and were of practical use."
}

@article{fmo2007,
author = {Fedorov, Dmitri G. and Kitaura, Kazuo},
title = "{Extending the Power of Quantum Chemistry to Large Systems with the Fragment Molecular Orbital Method}",
journal = {The Journal of Physical Chemistry A},
volume = {111},
number = {30},
pages = {6904-6914},
year = {2007},
doi = {10.1021/jp0716740},
URL = {http://pubs.acs.org/doi/abs/10.1021/jp0716740},
eprint = {http://pubs.acs.org/doi/pdf/10.1021/jp0716740},
abstract = { Following the brief review of the modern fragment-based methods and other approaches to perform quantum-mechanical calculations of large systems, the theoretical development of the fragment molecular orbital method (FMO) is covered in detail, with the emphasis on the physical properties, which can be computed with FMO. The FMO-based polarizable continuum model (PCM) for treating the solvent effects in large systems and the pair interaction energy decomposition analysis (PIEDA) are described in some detail, and a range of applications of FMO to biological studies is introduced. The factors determining the relative stability of polypeptide conformers (α-helix, β-turn, and extended form) are elucidated using FMO/PCM and PIEDA, and the interactions in the Trp-cage miniprotein construct (PDB:  1L2Y) are analyzed using PIEDA. }
}

@article{Fedorov2006,
author = {Fedorov, Dmitri G. and Kitaura, Kazuo and Li, Hui and Jensen, Jan H. and Gordon, Mark S.},
title = {{The polarizable continuum model (PCM) interfaced with the fragment molecular orbital method (FMO)}},
journal = {Journal of Computational Chemistry},
volume = {27},
number = {8},
publisher = {Wiley Subscription Services, Inc., A Wiley Company},
issn = {1096-987X},
url = {http://dx.doi.org/10.1002/jcc.20406},
doi = {10.1002/jcc.20406},
pages = {976--985},
keywords = {fragment molecular orbital, FMO, polarizable continuum model, PCM, GAMESS, parallel, GDDI, protein},
year = {2006},
abstract = {The polarizable continuum model (PCM) for the description of solvent effects is combined with the fragment molecular orbital (FMO) method at several levels of theory, using a many-body expansion of the electron density and the corresponding electrostatic potential, thereby determining solute (FMO)–solvent (PCM) interactions. The resulting method, denoted FMO/PCM, is applied to a set of model systems, including α-helices and β-strands of alanine consisting of 10, 20, and 40 residues and their mutants to charged arginine and glutamate residues. The FMO/PCM error in reproducing the PCM solvation energy for a full system is found to be below 1 kcal/mol in all cases if a two-body expansion of the electron density is used in the PCM potential calculation and two residues are assigned to each fragment. The scaling of the FMO/PCM method is demonstrated to be nearly linear at all levels for polyalanine systems. A study of the relative stabilities of α-helices and β-strands is performed, and the magnitude of the contributing factors is determined. The method is applied to three proteins consisting of 20, 129, and 245 residues, and the solvation energy and computational efficiency are discussed. © 2006 Wiley Periodicals, Inc. J Comput Chem 27: 976–985, 2006},
}

@article{Francl1982,
author = {Michelle M. Francl and William J. Pietro and Warren J. Hehre and J. Stephen Binkley and Mark S. Gordon and Douglas J. DeFrees and John A. Pople},
collaboration = {},
title = "{Self-consistent molecular orbital methods. {XXIII}. {A} polarization-type basis set for second-row elements}",
publisher = {AIP},
year = {1982},
journal = {The Journal of Chemical Physics},
volume = {77},
number = {7},
pages = {3654-3665},
keywords = {MOLECULAR ORBITAL METHOD; SELFCONSISTENT FIELD; WAVE FUNCTIONS; LITHIUM; BERYLLIUM; BORON; CARBON; NITROGEN; OXYGEN; FLUORINE; NEON; ELECTRONIC STRUCTURE; HYDRIDES; MOLECULAR STRUCTURE},
url = {http://link.aip.org/link/?JCP/77/3654/1},
doi = {10.1063/1.444267}
}

@article{fedorov2011geometry,
author = {Fedorov, Dmitri G. and Alexeev, Yuri and Kitaura, Kazuo},
title = {Geometry Optimization of the Active Site of a Large System with the Fragment Molecular Orbital Method},
journal = {The Journal of Physical Chemistry Letters},
volume = {2},
number = {4},
pages = {282-288},
year = {2011},
doi = {10.1021/jz1016894},

URL = {http://pubs.acs.org/doi/abs/10.1021/jz1016894},
eprint = {http://pubs.acs.org/doi/pdf/10.1021/jz1016894}
}
@article{ludwiczek2013strategies,
  title={Strategies for Modulating the pH-Dependent Activity of a Family 11 Glycoside Hydrolase},
  author={Ludwiczek, Martin L and D’Angelo, Igor and Yalloway, Gary N and Brockerman, Jacob A and Okon, Mark and Nielsen, Jens E and Strynadka, Natalie CJ and Withers, Stephen G and McIntosh, Lawrence P},
  journal={Biochemistry},
  volume={52},
  number={18},
  pages={3138--3156},
  year={2013},
  publisher={ACS Publications}
}
@article{best03,
    author  =   "Bestbury, Bruce W.",
     title  =   "{$R$}-matrices and the magic square",
   journal  =   "J. Phys. A",
  fjournal  =   "Journal of Physics. A. Mathematical and General",
    volume  =   "36",
      year  =   "2003",
    number  =   "7",
     pages  =   "1947--1959",
      issn  =   "0305-4470",
     coden  =   "JPHAC5",
   mrclass  =   "17B10",
  mrnumber  =   "1 960 703"}

@article{hediger2013silico,
  title={In silico screening of 393 mutants facilitates enzyme engineering of amidase activity in CalB},
  author={Hediger, Martin R and De Vico, Luca and Rannes, Julie B and J{\"a}ckel, Christian and Besenmatter, Werner and Svendsen, Allan and Jensen, Jan H},
  journal={PeerJ},
  volume={1},
  pages={e145},
  year={2013},
  publisher={PeerJ Inc.}
}

@article{hediger2013computational,
  title={A computational method for the systematic screening of reaction barriers in enzymes: searching for Bacillus circulans xylanase mutants with greater activity towards a synthetic substrate},
  author={Hediger, Martin R and Steinmann, Casper and De Vico, Luca and Jensen, Jan H},
  journal={PeerJ},
  volume={1},
  pages={e111},
  year={2013},
  publisher={PeerJ Inc.}
}

@article{gotor2006candida,
  title={Candida antarctica lipase B: an ideal biocatalyst for the preparation of nitrogenated organic compounds},
  author={Gotor-Fern{\'a}ndez, Vicente and Busto, Eduardo and Gotor, Vicente},
  journal={Advanced synthesis \& catalysis},
  volume={348},
  number={7-8},
  pages={797--812},
  year={2006},
  publisher={Wiley Online Library}
}

@article{CBIC:CBIC200800318,
author = {Svedendahl, Maria and Carlqvist, Peter and Branneby, Cecilia and Allnér, Olof and Frise, Anton and Hult, Karl and Berglund, Per and Brinck, Tore},
title = {Direct Epoxidation in Candida antarctica Lipase B Studied by Experiment and Theory},
journal = {ChemBioChem},
volume = {9},
number = {15},
publisher = {WILEY-VCH Verlag},
issn = {1439-7633},
url = {http://dx.doi.org/10.1002/cbic.200800318},
doi = {10.1002/cbic.200800318},
pages = {2443--2451},
keywords = {catalytic promiscuity, enzyme catalysis, epoxidation, hydrolases, molecular dynamics},
year = {2008},
}
@article{rathore2013advances,
  title={Advances in Binding Free Energies Calculations: QM/MM-Based Free Energy Perturbation Method for Drug Design},
  author={Rathore, RS and Sumakanth, M and Reddy, M Siva and Reddanna, P and Rao, Allam Appa and Erion, Mark D and Reddy, MR},
  journal={Current pharmaceutical design},
  volume={19},
  number={26},
  pages={4674--4686},
  year={2013},
  publisher={Bentham Science Publishers}
}
@article{buch2011complete,
  title={Complete reconstruction of an enzyme-inhibitor binding process by molecular dynamics simulations},
  author={Buch, Ignasi and Giorgino, Toni and De Fabritiis, Gianni},
  journal={Proceedings of the National Academy of Sciences},
  volume={108},
  number={25},
  pages={10184--10189},
  year={2011},
  publisher={National Acad Sciences}
}

